@book{kc,
    author    = "Kincaid, D. and Cheney, W.",
    title     = "Numerical Analysis: Mathematics of Scientific Computing",
    edition   = "3",
    year      = "1991",
    publisher = "Brooks/Cole Publishing Co."
}

@book{e,
    author    = "Evans, G.",
    title     = "Practical Numerical Integration",
    year      = "1993",
    publisher = "John Wiley \& Sons, Ltd."
}

@book{sb,
    author    = "Szab\'{o}, B. and Babu\v{s}ka, I.",
    title     = "Finite Element Analysis",
    year      = "1991",
    publisher = "John Wiley \& Sons, Inc."
}

@book{g,
    author    = "Gockenbach, M. S.",
    title     = "Understanding and Implementing the Finite Element Method",
    year      = "2006",
    publisher = "SIAM"
}

@book{p,
    author    = "Prata, S.",
    title     = "C++ Primer Plus",
    edition   = "5",
    year      = "2004",
    publisher = "Sams Publishing"
}

@book{ssd,
    author    = "\v{S}olin, P. and Segeth, K. and Dole\v{z}el, I.",
    title     = "Higher-Order Finite Element Methods",
    year      = "2004",
    publisher = "Chapman \& Hall/CRC"
}

@book{bs,
    author    = "Brenner, S. C. and Scott, L. R. ",
    title     = "The Mathematical Theory of Finite Element Methods",
    year      = "2008",
    publisher = "Springer"
}

@article{ldl,
      author="Lowan, A. N. and Davids, N. and Levenson, A.",
      title="Table of the zeros of the Legendre polynomials of order 1-16 and the weight coefficients for Gauss' mechanical quadrature formula",
      journal="Bull. Amer. Math. Soc.",
      year="1942",
      volume = "48",
      number = "10",
      pages = "741"
}

@article{aaf,
      author="Adjerid, S. and Aiffa, M. and Flaherty, J. E.,",
      title="Hierarchical finite element bases for triangular and tetrahedral elements",
      journal="Comput. Methods Appl. Mech. Engrg.",
      year="2001",
      volume = "190",
      pages = "2925-2941"
}


@article{aa,
      author="Arnold, D. N. and Awanou, G.",
      title="The Serendipity family of finite elements",
      journal="Found. Comput. Math.",
      year="2011",
      volume = "11",
      pages = "337-344"
}

@article{xpf,
      author="Xin, J. and Pinchedez, K. and Flaherty, J. E.",
      title="Implementation of Hierarchical Bases in FEMLAB for Simplicial Elements",
      journal="ACM Trans. Math. Software ",
      year="2005",
      volume = "31",
      pages = "187-200"
}


@inproceedings{sdr,
  author="Szab\'o, B. and {D\"{u}ster}, A. and Rank, E.",
  title="The p-Version of the Finite Element Method",
  booktitle={Encyclopedia of Computational Mechanics},
  pages={119--139},
  year={2004},
  publisher={John Wiley \& Sons, Ltd.}
}

@article{ztc,
      author="Zienkiewicz, O. C. and Taylor, R. L. and Zhu, J. Z. ",
      title="Implementation of Hierarchical Bases in FEMLAB for Simplicial Elements",
      journal="ACM Trans. Math. Software ",
      year="2005",
      volume = "31",
      pages = "187-200"
}
 
@book{ztz,
  author="Zienkiewicz, O. C. and Taylor, R. L. and Zhu, J. Z.",
  title="The finite element method: its basis and fundamentals",
  year="2005",
  publisher="Butterworth-Heinemann, Oxford"
}

@article{wt,
  author={Wobker, H. and Turek, S.},
  title={Numerical studies of Vanka-type smoothers in computational solid mechanics},
  journal={Advances in Applied Mathematics and Mechanics},
  volume={1},
  number={1},
  pages={29--55},
  year={2009}
}

@article{vanka1986block,
  author={Vanka, S. P.},
  title={Block-implicit multigrid calculation of two-dimensional recirculating flows},
  journal={Computer Methods in Applied Mechanics and Engineering},
  volume={59},
  number={1},
  pages={29--48},
  year={1986}
}

@article{john1999comparison,
  author={John, V.},
  title={A comparison of parallel solvers for the incompressible Navier--Stokes equations},
  journal={Computing and Visualization in Science},
  volume={1},
  number={4},
  pages={193--200},
  year={1999},
}

@article{manservisi2006numerical,
  author={Manservisi, S.},
  title={Numerical analysis of Vanka-type solvers for steady Stokes and Navier-Stokes flows},
  journal={SIAM Journal on Numerical Analysis},
  volume={44},
  number={5},
  pages={2025--2056},
  year={2006}
}

@article{hma,
  title={Analysis of p-multigrid for continuous and discontinuous finite element discretizations},
  author={Helenbrook, B. T. and Mavriplis, D. and Atkins, H. L.},
  journal={AIAA Paper},
  volume={3989},
  year={2003}
}


@article{wj,
  title={Hierarchical basis for stabilized finite element methods for compressible flows},
  author={Whiting, C. H. and Jansen, K. E. and Dey, S.},
  journal={Computer methods in applied mechanics and engineering},
  volume={192},
  number={47},
  pages={5167--5185},
  year={2003},
  publisher={Elsevier}
}

@article{ac,
  title={Hierarchic finite element bases on unstructured tetrahedral meshes},
  author={Ainsworth, M. and Coyle, J.},
  journal={International journal for numerical methods in engineering},
  volume={58},
  pages={2103--2130},
  year={2003}
}

@book{bhm,
  author={Briggs, W. L. and Henson, V. E. and McCormick, S. F.},
  title={A multigrid tutorial},
  year={2000},
  publisher={SIAM}
}

@book{tos,
  author="Trottenberg, U. and Oosterlee, C. and Schuller, A.",
  title="Multigrid",
  year="2001",
  publisher="Elsevier Academic Press"
}

@book{b,
  author={Braess, D.},
  title={Finite Elements},
  year={2007},
  publisher={Cambridge}
}

@book{l2011,
  author={Lui, S. H.},
  title={Numerical Analysis of Partial Differential Equations},
  year={2011},
  publisher={John Wiley \& Sons, Inc.}
}

@book{lce,
  author={Evans, L. C.},
  title={Partial Differential Equations},
  year={2010},
  publisher={American Mathematical Society}
}

@book{ys,
  author={Saad, Y.},
  title={Iterative Methods for Sparse Linear Systems},
  year={2003},
  publisher={SIAM}
}

@article{d,
  title={High degree efficient symmetrical Gaussian quadrature rules for the triangle},
  author={Dunavant, D. A.},
  journal={International journal for numerical methods in engineering},
  volume={21},
  pages={1129--1148},
  year={1985}
}

@article{x1992,
  title={Iterative Methods by space decomposition and subspace correction},
  author={Xu, J.},
  journal={SIAM Review},
  volume={34},
  number={4},
  pages={581--613},
  year={1992}
}

@article{go,
  title={On the abstract theory of additive and multiplicative Schwarz algorithms},
  author={Griebel, M., and Oswald, P.},
  journal={Numerische Mathematik},
  volume={70},
  number={2},
  pages={163-180},
  year={1995}
}

@book{bg,
  author={Bochev, P. and Gunzburger, M. D.},
  title={Least-Squares Finite Element Methods},
  year={2009},
  publisher={Springer}
}

@book{j,
  author={Johnson, C.},
  title={Numerical Solution of Partial Differential Equations by the Finite Element Method},
  year={2009},
  publisher={Dover}
}

@article{ev,
  title={The role of the strengthened Cauchy-Buniakowskii-Schwarz inequality in multilevel methods},
  author={Eijkhout, V. and Vassilevski, P.},
  journal={SIAM review},
  volume={33},
  number={3},
  pages={405--419},
  year={1991},
  publisher={SIAM}
}

@article{bank1996,
  title={Hierarchical bases and the finite element method},
  author={Bank, R. E.},
  journal={Acta numerica},
  volume={5},
  pages={1--43},
  year={1996},
  publisher={Cambridge University Press}
}

@Misc{petsc-web-page,
Author = "Balay, S. and Brown, J. and Buschelman, K. and Eijkhout, V.
and William D. Gropp and Dinesh Kaushik and Matthew G. Knepley and
Lois Curfman McInnes and Barry F. Smith and Hong Zhang",
Title = "PETSc Web page",
Note = "http://www.mcs.anl.gov/petsc",
Year = "2013"}

@TechReport{petsc-user-ref,
Author = "Balay, S. and Brown, J. and Buschelman, K. and Eijkhout, V.
and William D. Gropp and Dinesh Kaushik and Matthew G. Knepley and
Lois Curfman McInnes and Barry F. Smith and Hong Zhang",
Title = "PETSc Users Manual",
Number = "ANL-95/11 - Revision 3.4",
Institution = "Argonne National Laboratory",
Year = "2014"}

@book{sbg1996,
  author={Smith, B. and Bjorstad, P. and Gropp, W.},
  title={Domain Decomposition: Parallel Multilevel Methods for Elliptic Partial Differential Equations},
  year={1996},
  publisher={Cambridge University Press}
}

@Misc{cplusplusLanguage,
Author = "C++",
Title = "Programming Language",
Note = "ISO/IEC 14882:2011"
}

@Misc{paraview,
Author = "ParaView",
Title = "Software package",
Note = "http://www.paraview.org"
}

@inproceedings{parabook,
  title={ParaView: An End-User Tool for Large-Data Visualization},
  author={J. Ahrens and B. Geveci and C. Law},
  booktitle={The Visualization Handbook},
  year={2005}
}

@book{lmw,
    author    = "Logg, A. and Maradal, K. and Wells, G. N.",
    title     = "Automated Solution of Differential Equations by the Finite Element Method: The FEniCS Book",
    year      = "2012",
    publisher = "Springer"
}

@book{brandt2011,
  author={Brandt, A. and Livne, O. E},
  title={Multigrid techniques: 1984 guide with applications to fluid dynamics},
  volume={67},
  year={2011},
  publisher={SIAM}
}

@book{ciarlet1978,
  author={Ciarlet, P. G.},
  title={The finite element method for elliptic problems},
  year={2002},
  publisher={SIAM}
}

@article{ong1994,
  author={Ong, M. E. G.},
  title={Uniform refinement of a tetrahedron},
  journal={SIAM Journal on Scientific Computing},
  volume={15},
  number={5},
  pages={1134--1144},
  year={1994},
  publisher={SIAM}
}

@techreport{salari2000,
  author={Salari, K. and Knupp, P.},
  title={Code verification by the method of manufactured solutions},
  year={2000},
  institution={Sandia National Labs., Albuquerque, NM (US); Sandia National Labs., Livermore, CA (US)}
}

@misc{gambit2mesh,
  author={GAMBIT},
  title={Mesh Generation Software Package},
  note={Version 2.3.16}
}

@Misc{MATLAB:2013,
author = {MATLAB},
title = {R2013a  (8.1.0.604)},
year = {2013},
note = {The MathWorks Inc., Natick, MA}
}

@book{avila2010,
  author={Avila, L. S. and Barre, S. and Blue, R. and Geveci, B. and Henderson, A. and Hoffman, W. A. and King, B. and Law, C. C. and Martin, K. M. and Schroeder, W. J.},
  title={The VTK User's Guide},
  year={2010},
  publisher={Kitware New York}
}

@book{valli1999domain,
  author={Quarteroni, A. and Valli, A.},
  title={Domain decomposition methods for partial differential equations},
  year={1999},
  publisher={Oxford University Press}
}

@article{dunavant1985high,
  author={Dunavant, D. A.},
  title={High degree efficient symmetrical Gaussian quadrature rules for the triangle},
  journal={International journal for numerical methods in engineering},
  volume={21},
  number={6},
  pages={1129--1148},
  year={1985},
  publisher={Wiley Online Library}
}

@article{babuska1990p,
  author={Babu{\v{s}}ka, I. and Suri, M.},
  title={The  p- and h-p versions of the finite element method, an overview},
  journal={Computer Methods in Applied Mechanics and Engineering},
  volume={80},
  number={1},
  pages={5--26},
  year={1990},
  publisher={Elsevier}
}

@inproceedings{zienkiewicz1970three,
  author={Zienkiewicz, O. C. and Irons, B. M. and Scott, F. C. and Campbell, J. S.},
  title={Three dimensional stress analysis},
  booktitle={Proc. IUTAM Symposium on High Speed Computing in Elasticity},
  year={1970}
}

@article{zienkiewicz1983hierarchical,
  author={Zienkiewicz, O. C. and Gago, D. R. and Kelly, D. W.},
  title={The hierarchical concept in finite element analysis},
  journal={Computers \& Structures},
  volume={16},
  number={1},
  pages={53--65},
  year={1983},
  publisher={Elsevier}
}

@article{dunavant1985economical,
  author={Dunavant, D. A.},
  title={Economical symmetrical quadrature rules for complete polynomials over a square domain},
  journal={International journal for numerical methods in engineering},
  volume={21},
  number={10},
  pages={1777--1784},
  year={1985},
  publisher={Wiley Online Library}
}

@article{dunavant1986efficient,
  author={Dunavant, D. A.},
  title={Efficient symmetrical cubature rules for complete polynomials of high degree over the unit cube},
  journal={International journal for numerical methods in engineering},
  volume={23},
  number={3},
  pages={397--407},
  year={1986},
  publisher={Wiley Online Library}
}

@book{mathematica,
author={Wolfram Research{,} Inc.},
title={Mathematica{,} Version 9.0},
year={2012},
address={Champaign, Illinois},
}

@phdthesis{gunatilake2014,
  title={Hierarchical bases and a multilevel finite element solver},
  author={Gunatilake, J.},
  year={2014},
  school={Texas Tech University}
}

@article{mitchell2010,
  author={Mitchell, W. F.},
  title={The hp-Multigrid Method Applied to hp-Adaptive refinement of triangular grids},
  journal={Numerical Linear Algebra with Applications},
  volume={17},
  pages={211--228},
  year={2010}
}

@article{pavarino1994,
  author={Pavarino, L. F.},
  title={Schwarz methods with local refinement for the p-version finite element method},
  journal={Numerische Mathematik},
  volume={69},
  pages={185--211},
  year={1994}
}

@article{pavarino1994b,
  author={Pavarino, L. F.},
  title={Additive Schwarz methods for the p-version finite element method},
  journal={Numerische Mathematik},
  volume={66},
  pages={493--515},
  year={1994}
}

@book{schwab1998,
  author={Schwab, Ch.},
  title={p- and hp- finite element methods},
  year={1998},
  publisher={Oxford University Press}
}

@article{ainsworth1996,
  author={Ainsworth, M.},
  title={A HIERARCHICAL DOMAIN DECOMPOSITION PRECONDITIONER FOR h-p FINITE ELEMENT APPROXIMATION ON LOCALLY REFINED MESHES},
  journal={SIAM  J. Sci. Comput.},
  volume={17},
  number={6},
  pages={1395--1413},
  year={1996}
}

@inproceedings{babuska1986,
  author={Babu{\v{s}}ka, I.},
  title = {The $p$ and $hp$ Versions of the Finite Element Method: The State of the Art},
  booktitle={Finite Elements: Theory and Applications},
  pages={199--239},
  year={1988},
  publisher={Springer-Verlag}
}

@article{tran2000,
  author={Tran, T. and Stephen, E. P.},
  title={Additive Schwarz algorithms for the $p$ version of the Galerkin boundary element method},
  journal={Numerische Mathematik},
  volume={85},
  pages={433--468},
  year={2000}
}

@article{antonietti2017,
  author={P. F. Antonietti, L. Mascotto and M. Verani},
  title={A multigrid algorithm for the $p$-version of the Virtual Element Method},
  journal={MOX Report 29/2017},
  note={Arxiv 1703.02285, Submitted},
  year={2017}
}

@article{beuchler2002,
  author={Beuchler, S.},
  title={Multigrid solver for the inner problem in domain decomposition methods for $p$-FEM},
  journal={SIAM J. Numer. Anal.},
  volume={40},
  number = {3},
  pages={928--944},
  year={2002 }
}

@article{janssen2011,
  author={Janssen, B. and Kanschat, G.},
  title={Adaptive Multilevel Methods with Local Smoothing for {$H^1$- and $H^{curl}$}- conforming High Order Finite Element Methods},
  journal={SIAM J. Sci. Comput.},
  volume={33},
  number = {4},
  pages={2095--2114},
  year={2011}
}


@inproceedings{franke2008,
  title={The p-version of the FEM for computational contact mechanics},
  author={Franke, David and D{\"u}ster, Alexander and Rank, Ernst},
  booktitle={PAMM: Proceedings in Applied Mathematics and Mechanics},
  volume={8},
  issue={1},
  pages={10271--10272},
  year={2008},
  organization={Wiley Online Library}
}

@article{duczek2013,
  title={Anisotropic hierarchic finite elements for the simulation of piezoelectric smart structures},
  author={Duczek, Sascha and Gabbert, Ulrich},
  journal={Engineering Computations},
  volume={30},
  number={5},
  pages={682--706},
  year={2013},
  publisher={Emerald Group Publishing Limited}
}

@article{duster2001,
  title={The p-version of the finite element method for three-dimensional curved thin walled structures},
  author={D{\"u}ster, Alexander and Br{\"o}ker, Henrike and Rank, Ernst},
  journal={International Journal for Numerical Methods in Engineering},
  volume={52},
  number={7},
  pages={673--703},
  year={2001},
  publisher={Wiley Online Library}
}

@incollection{cai2013,
  title={Numerical simulation of transport in porous media: some problems from micro to macro scale},
  author={Cai, Quanji and Kooshapur, Sheema and Manhart, Michael and Mundani, Ralf-Peter and Rank, Ernst and Springer, Andreas and Vexler, Boris},
  booktitle={Advanced Computing},
  pages={57--80},
  year={2013},
  publisher={Springer}
}

@article{duster2017,
  title={The p-Version of the Finite Element and Finite Cell Methods},
  author={D{\"u}ster, Alexander and Rank, Ernst and Szab{\'o}, Barna},
  journal={Encyclopedia of Computational Mechanics Second Edition},
  pages={1--35},
  year={2017},
  publisher={Wiley Online Library}
}

@article{rank1992,
  title={Adaptive remeshing and hp domain decomposition},
  author={Rank, Ernest},
  journal={Computer Methods in Applied Mechanics and Engineering},
  volume={101},
  number={1-3},
  pages={299--313},
  year={1992},
  publisher={Elsevier}
}

@article{borne2013,
  title={Rapid error reduction for block Gauss-Seidel Based on p-hierarchical bases},
  author={Borne, S and Ovall, J},
  journal={Numerical Linear Algebra with Applications},
  volume = {20},
  number = {5},  
  pages={743-760},  
  year={2013},
  publisher={Wiley Online Library}
}

@article{aulisa2018,
  title={An improved multigrid algorithm for n-irregular meshes with subspace correction smoother},
  author={Aulisa, Eugenio and Calandrini, Sara and Capodaglio, Giacomo},
  journal={Computers and Mathematics with Applications},
  volume={76},
  number={3},
  pages={620--632},
  year={2018},
  publisher={Elsevier}
}

@article{ac2003,
  title={Hierarchic finite element bases on unstructured tetrahedral meshes},
  author={Ainsworth, M. and Coyle, J.},
  journal={International journal for numerical methods in engineering},
  volume={58},
  pages={2103--2130},
  year={2003}
}

@article{jg2022,
  title={An Improved Multigrid Solver for the p-Hierarchical Basis Finite Element Method using a Space Decomposition Smoother},
  author={Gunatilake, J.},
  journal={Computers and Mathematics with Applications},
  volume={124},
  pages={52--62},
  year={2022}
}

@article{rcmg2007,
  author = {Remacle, Jean-François and Chevaugeon, Nicolas and Marchandise, Émilie and Geuzaine, Christophe},
  title = {Efficient visualization of high-order finite elements}, 
  journal = {International Journal for Numerical Methods in Engineering},
  volume={69},
  issue ={4},
  pages = {750-771},
  year={2007}
}

@techreport{tb2005,
  author = {Thompson, David C and Pebay, Philippe P},
  title={Visualizing higher order finite elements. Final Report},
  year={2005},
  institution = {United States}, 
  doi = {10.2172/876232}
}

@Book{vtkBook,
  author    = "Will Schroeder and Ken Martin and Bill Lorensen",
  title     = "The Visualization Toolkit (4th ed.)",
  publisher = "Kitware",
  year      = "2006",
  isbn      = "978-1-930934-19-1",
}